@book{Nielson:ppa,
    author = {Nielson, Flemming and Nielson, Hanne R. and Hankin, Chris},
    title = {Principles of Program Analysis},
    year = {1999},
    isbn = {3540654100},
    publisher = {Springer-Verlag New York, Inc.},
    address = {Secaucus, NJ, USA},
}
